<?xml version="1.0" encoding="UTF-8"?><collection><record><leader>06773ntm a2200529 a 4500</leader><controlfield tag="001">006822180</controlfield><controlfield tag="003">MiAaHDL</controlfield><controlfield tag="005">20190719000000.0</controlfield><controlfield tag="006">m        d        </controlfield><controlfield tag="007">cr bn ---auaua</controlfield><controlfield tag="008">090623q18391861xx            00| ||ota d</controlfield><datafield tag="035" ind1=" " ind2=" "><subfield code="a">(MiU)006822180</subfield></datafield><datafield tag="035" ind1=" " ind2=" "><subfield code="a">sdr-miu006822180</subfield></datafield><datafield tag="040" ind1=" " ind2=" "><subfield code="a">MiU</subfield><subfield code="c">MiU</subfield><subfield code="e">amremm</subfield></datafield><datafield tag="041" ind1="0" ind2=" "><subfield code="a">ota</subfield></datafield><datafield tag="043" ind1=" " ind2=" "><subfield code="a">n-us-mi</subfield><subfield code="a">a-tu---</subfield></datafield><datafield tag="245" ind1="0" ind2="0"><subfield code="6">880-03</subfield><subfield code="a">Tabaka-yi mülûk-u Osmaniyan,</subfield><subfield code="f">[between 1839-1861].</subfield></datafield><datafield tag="246" ind1="3" ind2=" "><subfield code="a">Tabaka-yı mülûk-u Osmaniyan</subfield></datafield><datafield tag="260" ind1=" " ind2=" "><subfield code="c">[1839-1861].</subfield></datafield><datafield tag="300" ind1=" " ind2=" "><subfield code="a">1 roll :</subfield><subfield code="b">paper ;</subfield><subfield code="c">2800 x 145-150 (136, 132) mm.</subfield></datafield><datafield tag="500" ind1=" " ind2=" "><subfield code="a">Shelfmark: Ann Arbor, University of Michigan, Special Collections Library, Isl. Ms. 391</subfield></datafield><datafield tag="500" ind1=" " ind2=" "><subfield code="a">Origin: Culmination with Sultan Abdülmecid I suggests a dating during his reign (i.e. 1839-1861) though bulk of roll (three opening lengths through Sultan Mustafa III, r.1757-1774) likely produced earlier, even during his reign. Final length certainly produced at a different time than the opening lengths with a different paper, narrower written area, wider gold frames, and exclusive use of gold bands (and wreath motifs) and black fillets to set off and join roundels.</subfield></datafield><datafield tag="500" ind1=" " ind2=" "><subfield code="a">Binding: Wrapped in a length of layered paper attached to the opening of the roll, covered in spring green silk and red leather tooled in exquisite vegetal design (swirling leaves and flowers set in almond-shaped form) in two contrasting shades of gold (compare design on cover of Isl. Ms. 276) with wide, heavy woven silk ribbon wound to secure it ; narrow wooden dowel is affixed to the inner end of the roll ; roll comprised of four main lengths of paper with additional length lining the interior of the leather wrap ; housed in custom box for protection.</subfield></datafield><datafield tag="500" ind1=" " ind2=" "><subfield code="a">Support: European laid paper of two main types, in several lengths glued together ; three opening lengths in a type with 7 laid lines per cm. (vertical, i.e. along the length), chain lines spaced 28-31 mm. apart (horizontal, i.e. across the width), and watermark with three points only partially visible, resembling star (compare no.559 dated 1772 in Nikolaev, Watermarks of the Ottman Empire, vol.1) or possibly foolscap or crozier ; final length in type with 9 laid lines per cm. (horizontal, i.e. across the width), chain lines spaced 27-29 mm. apart (vertical, i.e. along the length), and watermark of eagle with wings and legs spread, "G F [A]" below ; all highly sized and burnished.</subfield></datafield><datafield tag="500" ind1=" " ind2=" "><subfield code="a">Decoration: Elegant illuminated headpiece (ʻunwān / sarlawḥ) at opening of scroll, consisting of small rectangular piece with two empty cartouches surmounted by large, elaborate spray of plumes, leaves, floral bouquets and ribbons in varied shades of blue, lavender, pink, red, yellow and green on a stippled gold ground, bordered in bands of pink, blue, white and gold ; interior of leather wrap surrounding the scroll appears just above this headpiece and carries in a rectangular field of stippled gold a composition of similar motifs with large central floral bouquet (in shades of pink, blue, lavender, yellow, etc.) set in a basket with plumes / leaves (in shades of lavender and white) at the four corners, surrounded by pattern of flowers and saz leaves in gold on a light blue ground ; introductory text and field of genealogical diagrams surrounded by gold frame ; names of sultans in opening three lengths of paper appear in roundels bordered in gold bands with outermost red and blue rules, with names of siblings, offspring, etc. in roundels of red and gold rules, all linked by further lines in gold or red ; names in final length of paper bordered in roundels of gold bands and black fillets only, with gold bands linking them ; textual dividers in the form of gold discs in opening lengths of paper ; keywords and dates rubricated throughout.</subfield></datafield><datafield tag="500" ind1=" " ind2=" "><subfield code="a">Script: Nastaʻlīq (talik) ; elegant Ottoman hand in a medium line ; characteristically serifless with effect of words inclining to the right and descending to baseline, elongation and contrasting thickness of horizontal strokes, pointing mainly in conjoined dots, final or free-standing nūn with point set above or just inside wide, dramatically angled bowl, freely ligatured.</subfield></datafield><datafield tag="500" ind1=" " ind2=" "><subfield code="a">Layout: Genealogical diagram (genealogical tree) preceded by introductory text in 21 lines.</subfield></datafield><datafield tag="500" ind1=" " ind2=" "><subfield code="a">Incipit: "طبقۀ ملوك عثمانيان بونلرك اجدادى آل سلجوق ايله تركستاندن خروج ايدوب خراسان وعراق وازربيجان وسائر ممالكى مسخر ايدوب يوز يتمش يل اخلاص وعيد الجواز نام مقامده اولوب ..."</subfield></datafield><datafield tag="500" ind1=" " ind2=" "><subfield code="a">Title from rubricated heading at opening.</subfield></datafield><datafield tag="500" ind1=" " ind2=" "><subfield code="a">Ms. composite roll.</subfield></datafield><datafield tag="510" ind1="4" ind2=" "><subfield code="a">Binbaş, İlker Evrim. "Structure and Function of the Genealogical Tree in Islamic Historiography." In Horizons of the World: Festschrift for İsenbike Togan [= Hududü’l-Âlem: İsenbike Togan’a Armağan], eds. İlker Evrim Binbaş and Nurten Kılıç-Schubel. (İstanbul: İthaki Press, 2011):</subfield><subfield code="c">465-544.</subfield></datafield><datafield tag="510" ind1="4" ind2=" "><subfield code="a">Nikolaev, Vsevolod. Watermarks of the mediaeval Ottoman documents in Bulgarian libraries. Watermarks of the Ottoman Empire, volume 1. Sofia: Bulgarian Academy of Sciences, 1954.</subfield></datafield><datafield tag="510" ind1="4" ind2=" "><subfield code="a">Binney, Edwin, 3rd. Turkish treasures from the collection of Edwin Binney, 3rd. (Portland, OR: Portland Art Museum, 1979),</subfield><subfield code="c">no.96, pp.144-145, 169</subfield></datafield><datafield tag="510" ind1="4" ind2=" "><subfield code="a">Zakariya, Mohamed. "Islamic calligraphy: A technical overview." In Brocade of the pen: the art of Islamic writing. Carol Garrett Fisher, ed. (East Lansing, MI: Kresge Art Museum, Michigan State University, 1991):</subfield><subfield code="c">1-17</subfield></datafield><datafield tag="510" ind1="4" ind2=" "><subfield code="a">Brocade of the pen : the art of Islamic writing. Carol Garrett Fisher, ed. (East Lansing, MI: Kresge Art Museum, Michigan State University, 1991),</subfield><subfield code="c">no.1, p.83</subfield></datafield><datafield tag="510" ind1="4" ind2=" "><subfield code="a">Deny, J. "ʿAbd al-Mad̲j̲īd I." In EI2.</subfield></datafield><datafield tag="520" ind1="8" ind2=" "><subfield code="a">Elegant silsilename of the Ottoman sultans through Abdülmecid I (r.1839-1861) in rotulus format (i.e. scroll opening vertically).</subfield></datafield><datafield tag="538" ind1=" " ind2=" "><subfield code="a">Mode of access: Internet.</subfield></datafield><datafield tag="541" ind1=" " ind2=" "><subfield code="c">Purchase ;</subfield><subfield code="a">Acquired by purchase (funds donated by Horace Rackham).</subfield><subfield code="d">1924.</subfield></datafield><datafield tag="546" ind1=" " ind2=" "><subfield code="a">Ottoman Turkish.</subfield></datafield><datafield tag="561" ind1=" " ind2=" "><subfield code="a">Clean copy.</subfield></datafield><datafield tag="650" ind1=" " ind2="0"><subfield code="a">Manuscripts, Turkish</subfield><subfield code="z">Michigan</subfield><subfield code="z">Ann Arbor.</subfield></datafield><datafield tag="651" ind1=" " ind2="0"><subfield code="a">Turkey</subfield><subfield code="x">History</subfield><subfield code="y">Ottoman Empire, 1288-1918</subfield><subfield code="x">Kings and rulers</subfield><subfield code="v">Early works to 1800.</subfield></datafield><datafield tag="655" ind1=" " ind2="7"><subfield code="a">Headpieces (layout features)</subfield><subfield code="y">19th century.</subfield><subfield code="2">aat</subfield></datafield><datafield tag="700" ind1="0" ind2=" "><subfield code="a">Abdülhamid</subfield><subfield code="b">II,</subfield><subfield code="c">Sultan of the Turks,</subfield><subfield code="d">1842-1918,</subfield><subfield code="e">former owner.</subfield></datafield><datafield tag="773" ind1="0" ind2=" "><subfield code="a">Abdul Hamid Collection.</subfield></datafield><datafield tag="880" ind1="0" ind2="0"><subfield code="6">245-03/</subfield><subfield code="a">طبقۀ ملوك عثمانيان،</subfield><subfield code="f">[ما بين 1839 و1861م].</subfield></datafield><datafield tag="CID" ind1=" " ind2=" "><subfield code="a">006822180</subfield></datafield><datafield tag="DAT" ind1="0" ind2=" "><subfield code="a">20190719102640.0</subfield><subfield code="b">20190719000000.0</subfield></datafield><datafield tag="DAT" ind1="1" ind2=" "><subfield code="a">20190719090653.0</subfield><subfield code="b">2019-07-19T16:12:05Z</subfield></datafield><datafield tag="DAT" ind1="2" ind2=" "><subfield code="a">2014-04-07T20:00:04Z</subfield></datafield><datafield tag="CAT" ind1=" " ind2=" "><subfield code="a">SDR-MIU</subfield><subfield code="d">EX LIBRIS - ALEPH</subfield><subfield code="l">prepare.pl-004-008</subfield></datafield><datafield tag="FMT" ind1=" " ind2=" "><subfield code="a">BK</subfield></datafield><datafield tag="HOL" ind1=" " ind2=" "><subfield code="0">sdr-miu006822180</subfield><subfield code="a">MiU</subfield><subfield code="b">SDR</subfield><subfield code="c">MIU</subfield><subfield code="p">mdp.39015079130582</subfield><subfield code="s">MIU</subfield><subfield code="1">006822180</subfield></datafield><datafield tag="974" ind1=" " ind2=" "><subfield code="b">MIU</subfield><subfield code="c">MIU</subfield><subfield code="d">20190719</subfield><subfield code="s">lit-dlps-dc</subfield><subfield code="u">mdp.39015079130582</subfield><subfield code="y">1861</subfield><subfield code="r">pd</subfield><subfield code="q">bib</subfield><subfield code="t">non-US bib date2 &lt; 1896</subfield></datafield></record></collection>